@article{gatesy2013phylogenetic,
  title={A phylogenetic blueprint for a modern whale},
  author={Gatesy, John and Geisler, Jonathan H and Chang, Joseph and Buell, Carl and Berta, Annalisa and Meredith, Robert W and Springer, Mark S and McGowen, Michael R},
  journal={Molecular phylogenetics and evolution},
  volume={66},
  number={2},
  pages={479--506},
  year={2013},
  publisher={Elsevier}
}

@book{perrin2009encyclopedia,
  title="Whale watching, Encyclopedia of marine mammals",
  author="Hoyt, E",
  editor={Perrin, William F and W{\"u}rsig, Bernd and Thewissen, JGM},
  year={2009},
  publisher={Academic Press},
  pages="1219-1223"
}

@article{hoyt2001whale,
  title={Whale watching 2001: Worldwide tourism numbers, expenditures, and expanding socioeconomic benefits},
  author={Hoyt, Erich and others},
  year={2001},
  publisher={Yarmouth Port, MA (USA) IFAW}
}

@article{Dirac1953888,
  title   = "The lorentz transformation and absolute time",
  journal = "Physica ",
  volume  = "19",
  number  = "1-â€“12",
  pages   = "888--896",
  year    = "1953",
  doi     = "10.1016/S0031-8914(53)80099-6",
  author  = "P.A.M. Dirac"
}

@article{Feynman1963118,
  title   = "The theory of a general quantum system interacting with a linear dissipative system",
  journal = "Annals of Physics ",
  volume  = "24",
  pages   = "118--173",
  year    = "1963",
  doi     = "10.1016/0003-4916(63)90068-X",
  author  = "R.P Feynman and F.L {Vernon Jr.}"
}
